<record><leader>00000cas a22000007a 4500</leader><controlfield tag="001">13316593</controlfield><controlfield tag="008">860320d18711873lauwr ne      0    0eng d</controlfield><datafield ind1=" " ind2=" " tag="010"><subfield code="a">sn 86079111 </subfield></datafield><datafield ind1=" " ind2=" " tag="040"><subfield code="a">NPU</subfield><subfield code="b">eng</subfield><subfield code="c">NPU</subfield><subfield code="d">MGN</subfield><subfield code="d">LNP</subfield><subfield code="d">OCLCQ</subfield><subfield code="d">OCLCF</subfield><subfield code="d">OCLCO</subfield></datafield><datafield ind1=" " ind2=" " tag="042"><subfield code="a">msc</subfield></datafield><datafield ind1=" " ind2=" " tag="043"><subfield code="a">n-us-la</subfield></datafield><datafield ind1="0" ind2=" " tag="130"><subfield code="a">Iberville news (Plaquemine, La. : 1871)</subfield></datafield><datafield ind1="1" ind2="0" tag="245"><subfield code="a">Iberville news.</subfield></datafield><datafield ind1=" " ind2=" " tag="260"><subfield code="a">Plaquemine [La.] :</subfield><subfield code="b">Charles E. Halstead</subfield></datafield><datafield ind1=" " ind2=" " tag="300"><subfield code="a">v. :</subfield><subfield code="b">ill. (chiefly advertisements) ;</subfield><subfield code="c">60 cm.</subfield></datafield><datafield ind1=" " ind2=" " tag="310"><subfield code="a">Weekly</subfield></datafield><datafield ind1="1" ind2=" " tag="362"><subfield code="a">Began in 1871; ceased in 1873.</subfield></datafield><datafield ind1=" " ind2=" " tag="500"><subfield code="a">"Official organ of the Republican Party of the Parish of Iberville."</subfield></datafield><datafield ind1=" " ind2=" " tag="500"><subfield code="a">Editor: Charles E. Halstead, George B. Loud, 1871-&lt;Sept. 12, 1872&gt;; James L. Roche, &lt;1873&gt;.</subfield></datafield><datafield ind1=" " ind2=" " tag="500"><subfield code="a">"Official journal of the parish of Iberville and town of Plaquemine."&lt;Dec. 14, 1871&gt;-1873.</subfield></datafield><datafield ind1=" " ind2=" " tag="580"><subfield code="a">Merged with: Iberville pioneer, to form: Pioneer and news.</subfield></datafield><datafield ind1=" " ind2=" " tag="588"><subfield code="a">Description based on: Vol. 1, no. 3 (July 27, 1871).</subfield></datafield><datafield ind1=" " ind2="0" tag="651"><subfield code="a">Plaquemine (La.)</subfield><subfield code="v">Newspapers.</subfield></datafield><datafield ind1=" " ind2="7" tag="655"><subfield code="a">Newspapers.</subfield><subfield code="2">fast</subfield><subfield code="0">(OCoLC)fst01423814</subfield></datafield><datafield ind1=" " ind2="7" tag="651"><subfield code="a">Louisiana</subfield><subfield code="z">Plaquemine.</subfield><subfield code="2">fast</subfield><subfield code="0">(OCoLC)fst01219282</subfield></datafield><datafield ind1=" " ind2=" " tag="752"><subfield code="a">United States</subfield><subfield code="b">Louisiana</subfield><subfield code="c">Iberville</subfield><subfield code="d">Plaquemine.</subfield></datafield><datafield ind1="1" ind2="7" tag="785"><subfield code="t">Iberville pioneer</subfield><subfield code="w">(DLC)sn 87090286</subfield></datafield><datafield ind1="1" ind2="7" tag="785"><subfield code="t">Pioneer and news</subfield><subfield code="w">(DLC)sn 87090134</subfield></datafield></record>